@ARTICLE{Zumbusch,
   author = {{Zumbusch}, G.},
    title = "{Finite element, discontinuous Galerkin, and finite difference evolution schemes in spacetime}",
  journal = {Classical and Quantum Gravity},
archivePrefix = "arXiv",
   eprint = {0901.0851},
 primaryClass = "gr-qc",
     year = 2009,
    month = sep,
   volume = 26,
   number = 17,
      eid = {175011},
    pages = {175011},
      doi = {10.1088/0264-9381/26/17/175011},
   adsurl = {http://adsabs.harvard.edu/abs/2009CQGra..26q5011Z},
  adsnote = {Provided by the SAO/NASA Astrophysics Data System}
}
